<record><leader>00000cas a22000007a 4500</leader><controlfield tag="001">18124095</controlfield><controlfield tag="008">880623d18891971ohuwr ne      0    0eng d</controlfield><datafield ind1=" " ind2=" " tag="010"><subfield code="a">sn 88077579 </subfield></datafield><datafield ind1=" " ind2=" " tag="040"><subfield code="a">ONP</subfield><subfield code="b">eng</subfield><subfield code="c">ONP</subfield><subfield code="d">OCL</subfield><subfield code="d">OCLCQ</subfield></datafield><datafield ind1=" " ind2=" " tag="042"><subfield code="a">msc</subfield></datafield><datafield ind1="0" ind2=" " tag="130"><subfield code="a">Morrow County Independent (Cardington, Ohio : 1889)</subfield></datafield><datafield ind1="1" ind2="0" tag="245"><subfield code="a">Morrow County Independent.</subfield></datafield><datafield ind1=" " ind2=" " tag="260"><subfield code="a">Cardington and Mt. Gilead, Ohio :</subfield><subfield code="b">J.B. &amp; E.E. Neal,</subfield><subfield code="c">1889-1971.</subfield></datafield><datafield ind1=" " ind2=" " tag="310"><subfield code="a">Weekly</subfield></datafield><datafield ind1="0" ind2=" " tag="362"><subfield code="a">Vol. 18, no. 1 (Jan. 16, 1889)-v. 82, no. 27 (July 8, 1971).</subfield></datafield><datafield ind1=" " ind2=" " tag="500"><subfield code="a">Published in Cardington and Mt. Gilead, Ohio, Jan. 16, 1889-May 27, 1897; and Cardington, Ohio, June 3, 1897-July 8, 1971.</subfield></datafield><datafield ind1=" " ind2=" " tag="752"><subfield code="a">United States</subfield><subfield code="b">Ohio</subfield><subfield code="c">Morrow</subfield><subfield code="d">Cardington.</subfield></datafield><datafield ind1=" " ind2=" " tag="752"><subfield code="a">United States</subfield><subfield code="b">Ohio</subfield><subfield code="c">Morrow</subfield><subfield code="d">Mount Gilead.</subfield></datafield><datafield ind1="0" ind2="0" tag="780"><subfield code="t">Cardington Independent (Cardington, Ohio : 1872)</subfield><subfield code="w">(DLC)sn 85025671</subfield></datafield><datafield ind1="0" ind2="7" tag="785"><subfield code="t">Union register (Mount Gilead, Ohio : 1861)</subfield><subfield code="w">(DLC)sn 85038108</subfield></datafield><datafield ind1="0" ind2="7" tag="785"><subfield code="t">Morrow County Independent register</subfield><subfield code="w">(DLC)sn 88077580</subfield></datafield></record>